<?xml version="1.0" encoding="UTF-8"?><record xmlns="http://www.loc.gov/MARC21/slim" xmlns:cinclude="http://apache.org/cocoon/include/1.0" xmlns:zs="http://www.loc.gov/zing/srw/">
  <leader>00618cz  a2200169n  4500</leader>
  <controlfield tag="001">n  85374035 </controlfield>
  <controlfield tag="003">DLC</controlfield>
  <controlfield tag="005">20130308090504.0</controlfield>
  <controlfield tag="008">860320n| azannaab           |a aaa      </controlfield>
  <datafield tag="010" ind1=" " ind2=" ">
    <subfield code="a">n  85374035 </subfield>
  </datafield>
  <datafield tag="040" ind1=" " ind2=" ">
    <subfield code="a">DLC</subfield>
    <subfield code="b">eng</subfield>
    <subfield code="e">rda</subfield>
    <subfield code="c">DLC</subfield>
    <subfield code="d">DLC</subfield>
  </datafield>
  <datafield tag="046" ind1=" " ind2=" ">
    <subfield code="g">1892?</subfield>
    <subfield code="2">edtf</subfield>
  </datafield>
  <datafield tag="100" ind1="1" ind2=" ">
    <subfield code="a">Fentress, Walter E. H.,</subfield>
    <subfield code="d">-1892?</subfield>
  </datafield>
  <datafield tag="400" ind1="1" ind2=" ">
    <subfield code="w">nnaa</subfield>
    <subfield code="a">Fentress, Walter E. H.</subfield>
  </datafield>
  <datafield tag="400" ind1="1" ind2=" ">
    <subfield code="w">nnea</subfield>
    <subfield code="a">Fentress, Walter E. H.,</subfield>
    <subfield code="d">d. 1892?</subfield>
  </datafield>
  <datafield tag="670" ind1=" " ind2=" ">
    <subfield code="a">NUCMC data from Rutgers Univ. Libr. for His Papers, 1858-1892</subfield>
    <subfield code="b">(Fentress, Walter E. H., d. 1892?; sailor, U.S. Navy and businessman, of Michigan)</subfield>
  </datafield>
  <datafield tag="670" ind1=" " ind2=" ">
    <subfield code="a">LC man. cat.</subfield>
    <subfield code="b">(hdg.: Fentress, Walter E. H.)</subfield>
  </datafield>
</record>